<?xml version="1.0" encoding="UTF-8"?><collection xmlns="http://www.loc.gov/MARC21/slim"><record><leader>00489nam--2200169-i-4500</leader><controlfield tag="001">000042242</controlfield><controlfield tag="002">20161230</controlfield><controlfield tag="005">20161230201043</controlfield><controlfield tag="008">060222s1000------------r-----000-0-ger-d</controlfield><datafield ind1=" " ind2=" " tag="041"><subfield code="a">ger</subfield></datafield><datafield ind1=" " ind2=" " tag="080"><subfield code="a">530.1</subfield></datafield><datafield ind1="1" ind2=" " tag="100"><subfield code="a">Sommerfeld,Arnold</subfield></datafield><datafield ind1="1" ind2="0" tag="245"><subfield code="a">Vorlesungen uber theoretischen physik</subfield><subfield code="b">Band.2: mechanik der deformierbaren medien</subfield><subfield code="c">Arnold sommerfeld</subfield></datafield><datafield ind1=" " ind2=" " tag="260"><subfield code="a">Thun, Frakfurt/M</subfield><subfield code="b">Verlag Harri Deutsch</subfield><subfield code="c">1992</subfield></datafield><datafield ind1=" " ind2=" " tag="300"><subfield code="a">446P</subfield></datafield><datafield ind1=" " ind2=" " tag="852"><subfield code="a">737</subfield><subfield code="c">530.1</subfield></datafield><datafield ind1=" " ind2=" " tag="CAT"><subfield code="a">Sys</subfield><subfield code="c">20110317</subfield><subfield code="h">160454</subfield></datafield></record></collection>